% 
@article{Ceri:1989:YAW:627272.627357,
	author = {Ceri, S. and Gottlob, G. and Tanca, L.},
	title = {What You Always Wanted to Know About Datalog (And Never Dared to Ask)},
	journal = {IEEE Trans. on Knowl. and Data Eng.},
	issue_date = {March 1989},
	volume = {1},
	number = {1},
	month = mar,
	year = {1989},
	issn = {1041-4347},
	pages = {146--166},
	numpages = {21},
	url = {https://doi.org/10.1109/69.43410},
	doi = {10.1109/69.43410},
	acmid = {627357},
	publisher = {IEEE Educational Activities Department},
	address = {Piscataway, NJ, USA},
	keywords = {Datalog, database query language, logic programming, optimisation methods, query languages, relational database, relational databases, semantics, syntax},
} 

% 2013 Datalog Survey Paper
@article{Green:2013:DRQ:2688167.2688168,
	author = {Green, Todd J. and Huang, Shan Shan and Loo, Boon Thau and Zhou, Wenchao},
	title = {Datalog and Recursive Query Processing},
	journal = {Found. Trends databases},
	issue_date = {November 2013},
	volume = {5},
	number = {2},
	month = nov,
	year = {2013},
	issn = {1931-7883},
	pages = {105--195},
	numpages = {91},
	url = {http://dx.doi.org/10.1561/1900000017},
	doi = {10.1561/1900000017},
	acmid = {2688168},
	publisher = {Now Publishers Inc.},
	address = {Hanover, MA, USA},
}

% Doop Paper
@inproceedings{Smaragdakis:2010:UDF:2185923.2185939,
	author = {Smaragdakis, Yannis and Bravenboer, Martin},
	title = {Using Datalog for Fast and Easy Program Analysis},
	booktitle = {Proceedings of the First International Conference on Datalog Reloaded},
	series = {Datalog'10},
	year = {2011},
	isbn = {978-3-642-24205-2},
	location = {Oxford, UK},
	pages = {245--251},
	numpages = {7},
	url = {http://dx.doi.org/10.1007/978-3-642-24206-9_14},
	doi = {10.1007/978-3-642-24206-9_14},
	acmid = {2185939},
	publisher = {Springer-Verlag},
	address = {Berlin, Heidelberg},
}

% Evaluation Strategies
@inproceedings{Bancilhon:1986:AIR:16894.16859,
	author = {Bancilhon, Francois and Ramakrishnan, Raghu},
	title = {An Amateur's Introduction to Recursive Query Processing Strategies},
	booktitle = {Proceedings of the 1986 ACM SIGMOD International Conference on Management of Data},
	series = {SIGMOD '86},
	year = {1986},
	isbn = {0-89791-191-1},
	location = {Washington, D.C., USA},
	pages = {16--52},
	numpages = {37},
	url = {http://doi.acm.org/10.1145/16894.16859},
	doi = {10.1145/16894.16859},
	acmid = {16859},
	publisher = {ACM},
	address = {New York, NY, USA},
} 