// @misc{learnyourselfahaskell,
//   author = {Miran Lipovača},
//   title = {{Learn You a Haskell For Great Good}},
//   howpublished = "\url{http://learnyouahaskell.com/}",
//   note = "[Online; accessed 2017-08-14]"
// }
// @book{craftoffunctionalprgoramming,
//   author    = {Simon Thompson},
//   title     = {HASKELL the craft of functional Programming},
//   publisher = {Addison Wesley},
//   year      = 2011,
//   edition   = 3,
//   isbn      = {978-0-201-88295-7}
// }
// @misc{algebraalgebraictypes,
//   author = {Chris Taylor},
//   title = {{The Algebra of Algebraic Data Types}},
//   howpublished = "\url{http://chris-taylor.github.io/blog/2013/02/10/the-algebra-of-algebraic-data-types/}",
//   note = "[Online; accessed 2017-08-16]"
// }
// @misc{algebraalgebraictypesyoutube,
//   author = {Chris Taylor},
//   title = {{The Algebra of Algebraic Data Types YouTube Presentation}},
//   howpublished = "\url{httpshttps://www.youtube.com/watch?v=YScIPA8RbVE}",
//   note = "[Online; accessed 2017-08-16]"
// }
// @misc{brentblogcategorytheory,
//   author = {blog :: Brent -> [String]},
//   title = {{Blog with Category Theory}},
//   howpublished = "\url{https://byorgey.wordpress.com/catsters-guide-2/#introduction}",
//   note = "[Online; accessed 2017-08-16]"
// }
// @misc{introductoryCategoryTheoryYouTube,
//   author = {Bartosz Milewski},
//   title = {{Category Theory}},
//   howpublished = "\url{https://www.youtube.com/playlist?list=PLbgaMIhjbmEnaH_LTkxLI7FMa2HsnawM_}",
//   note = "[Online; accessed 2017-08-16]"
// }
// @misc{categoryTheoryForProgrammers,
//   author = {Bartosz Milewski},
//   title = {{Category Theory for Programmers}},
//   howpublished = "\url{https://bartoszmilewski.com/2014/10/28/category-theory-for-programmers-the-preface/}",
//   note = "[Online; accessed 2017-08-16]"
// }
// @misc{ploverDataMu,
//   author = {Plover Blog - The Universe of Discourse},
//   title = {{data Mu f = In (f (Mu f))}},
//   howpublished = "\url{https://blog.plover.com/prog/springschool95-2.html}",
//   note = "[Online; accessed 2017-08-24]"
// }
//
// @misc{wadlerMonads,
//   author = {Philip Wadler},
//   title = {{Wadler - Monads Publications}},
//   howpublished = "\url{http://homepages.inf.ed.ac.uk/wadler/topics/monads.html}",
//   note = "[Online; accessed 2017-09-16]"
// }
//
// @misc{monadGraphRep,
//   author = {Haskell Wiki},
//   title = {{A Practical Approach to Graph Manipulation}},
//   howpublished = "\url{https://wiki.haskell.org/The_Monad.Reader/Issue5/Practical_Graph_Handling}",
//   note = "[Online; accessed 2017-09-16]"
// }
//
// @misc{youInvMonads,
//   author = {Dan Piponi},
//   title = {{You Could Have Invented Monads!}},
//   howpublished = "\url{http://blog.sigfpe.com/2006/08/you-could-have-invented-monads-and.html}",
//   note = "[Online; accessed 2017-09-17]"
// }
//
//
// @article{markHigherOrderPoly,
//   author  = {Mark P. Jones},
//   title   = {Functional Programming with Overloading and Higher-Order Polymorphism},
//   journal = {First International Spring School on Advanced Functional Programming Techniques B{\aa}stad, Sweden, Springer-Verlag Lecture Notes in Computer Science},
//   year    = 1995,
//   number  = 925,
//   month   = 5,
// }
// @book{purelyfunctionaldatastructures,
//  author = {Okasaki, Chris},
//  title = {Purely Functional Data Structures},
//  year = {1998},
//  isbn = {0-521-63124-6},
//  publisher = {Cambridge University Press},
//  address = {New York, NY, USA},
// }
// @book{huttonProgrammingInHaskell,
//  author = {Hutton, Graham},
//  title = {Programming in Haskell},
//  year = {2016},
//  isbn = {1316626229, 9781316626221},
//  edition = {2nd},
//  publisher = {Cambridge University Press},
//  address = {New York, NY, USA},
// }
// @misc{happydoc,
//   author = {Simon Marlow},
//   title = {{Happy official homepage.}},
//   howpublished = "\url{https://www.haskell.org/happy/}",
//   note = "[Online; accessed 2018-07-31]"
// }
//
// @misc{alexdoc,
//   author = {Simon Marlow},
//   title = {{Alex official homepage.}},
//   howpublished = "\url{https://www.haskell.org/alex/}",
//   note = "[Online; accessed 2018-07-31]"
// }
//
// @misc{errorvsexception,
//   author = {Henning Thielemann},
//   title = {{Wiki Haskell: Error vs Exception}},
//   howpublished = "\url{https://wiki.haskell.org/Error_vs._Exception}",
//   note = "[Online; accessed 2018-07-31]"
// }
// @book{principlesProgramAnalysis,
//  author = {Nielson, Flemming and Nielson, Hanne R. and Hankin, Chris},
//  title = {Principles of Program Analysis},
//  year = {1999},
//  isbn = {3540654100},
//  publisher = {Springer-Verlag},
//  address = {Berlin, Heidelberg},
// }
